% The 2014 edition of the PDG review
@article{PDG2014,
  author         = "Olive, K. A. and others",
  title          = "{Review of Particle Physics}",
  collaboration  = "Particle Data Group",
  journal        = "Chin. Phys.",
  volume         = "C38",
  year           = "2014",
  pages          = "090001",
  doi            = "10.1088/1674-1137/38/9/090001",
  SLACcitation   = "%%CITATION = CHPHD,C38,090001;%%"
}

% First observation of neutral currents (evidence of Z bosons)
@article{HASERT1973138,
  title = "{Observation of neutrino-like interactions without muon or electron in the Gargamelle neutrino experiment}",
  journal = "Phys. Lett. B",
  volume = "46",
  number = "1",
  pages = "138--140",
  year = "1973",
  note = "",
  issn = "0370-2693",
  doi = "http://dx.doi.org/10.1016/0370-2693(73)90499-1",
  url = "http://www.sciencedirect.com/science/article/pii/0370269373904991",
  collaboration = "Gargamelle collaboration",
  author = "F.J. Hasert and S. Kabe and W. Krenz and J. Von Krogh and D. Lanske and J. Morfin and K. Schultze and H. Weerts and G.H. Bertrand-Coremans and J. Sacton and W. Van Doninck and P. Vilain and U. Camerini and D.C. Cundy and R. Baldi and I. Danilchenko and W.F. Fry and D. Haidt and S. Natali and P. Musset and B. Osculati and R. Palmer and J.B.M. Pattison and D.H. Perkins and A. Pullia and A. Rousset and W. Venus and H. Wachsmuth and V. Brisson and B. Degrange and M. Haguenauer and L. Kluberg and U. Nguyen-Khac and P. Petiau and E. Belotti and S. Bonetti and D. Cavalli and C. Conta and E. Fiorini and M. Rollier and B. Aubert and D. Blum and L.M. Chounet and P. Heusse and A. Lagarrigue and A.M. Lutz and A. Orkin-Lecourtois and J.P. Vialle and F.W. Bullock and M.J. Esten and T.W. Jones and J. McKenzie and A.G. Michette and G. Myatt and W.G. Scott",
}


% Discovery of Z boson by UA1
@article{1983398,
  title = "{Experimental observation of lepton pairs of invariant mass around 95\,GeV/$c^{2}$ at the CERN SPS collider}",
  journal = "Phys. Lett. B",
  volume = "126",
  number = "5",
  pages = "398--410",
  year = "1983",
  issn = "0370-2693",
  doi = "http://dx.doi.org/10.1016/0370-2693(83)90188-0",
  url = "http://www.sciencedirect.com/science/article/pii/0370269383901880",
  collaboration = "UA1 collaboration",
  author = "G. Arnison and A. Astbury and B. Aubert and C. Bacci and G. Bauer and A. Bézaguet and R. Böck and T.J.V. Bowcock and M. Calvetti and P. Catz and P. Cennini and S. Centro and F. Ceradini and S. Cittolin and D. Cline and C. Cochet and J. Colas and M. Corden and D. Dallman and D. Dau and M. DeBeer and M.Della Negra and M. Demoulin and D. Denegri and A. Di Ciaccio and D. Dibitonto and L. Dobrzynski and J.D. Dowell and K. Eggert and E. Eisenhandler and N. Ellis and P. Erhard and H. Faissner and M. Fincke and G. Fontaine and R. Frey and R. Frühwirth and J. Garvey and S. Geer and C. Ghesquière and P. Ghez and K. Giboni and W.R. Gibson and Y. Giraud-Héraud and A. Givernaud and A. Gonidec and G. Grayer and T. Hansl-Kozaȧecka and W.J. Haynes and L.O. Hertzberger and C. Hodges and D. Hoffmann and H. Hoffmann and D.J. Holthuizen and R.J. Homer and A. Honma and W. Jank and G. Jorat and P.I.P. Kalmus and V. Karimäki and R. Keeler and I. Kenyon and A. Kernan and R. Kinnunen and W. Kozanecki and D. Kryn and F. Lacava and J.-P. Laugier and J.-P. Lees and H. Lehmann and R. Leuchs and A. Lévêque and D. Linglin and E. Locci and J.-J. Malosse and T. Markiewicz and G. Maurin and T. McMahon and J.-P. Mendiburu and M.-N. Minard and M. Mohammadi and M. Moricca and K. Morgan and H. Muirhead and F. Muller and A.K. Nandi and L. Naumann and A. Norton and A. Orkin-Lecourtois and L. Paoluzi and F. Pauss and G.Piano Mortari and E. Pietarinen and M. Pimiä and A. Placci and J.P. Porte and E. Radermacher and J. Ransdell and H. Reithler and J.-P. Revol and J. Rich and M. Rijssenbeek and C. Roberts and J. Rohlf and P. Rossi and C. Rubbia and B. Sadoulet and G. Sajot and G. Salvi and G. Salvini and J. Sass and J. Saudraix and A. Savoy-Navarro and D. Schinzel and W. Scott and T.P. Shah and M. Spiro and J. Strauss and J. Streets and K. Sumorok and F. Szoncso and D. Smith and C. Tao and G. Thompson and J. Timmer and E. Tscheslog and J. Touminiemi and B. Van Eijk and J.-P. Vialle and J. Vrana and V. Vuillemin and H.D. Wahl and P. Watkins and J. Wilson and C. Wulz and G.Y. Xie and M. Yvert and E. Zurfluh",
}

% Discovery of Z boson by UA2
@article{BAGNAIA1983130,
  title = "{Evidence for \decay{\PZzero}{\Pelectron\APelectron} at the CERN $pp$ collider}",
  journal = "Phys. Lett. B",
  volume = "129",
  number = "1",
  pages = "130 - 140",
  year = "1983",
  note = "",
  issn = "0370-2693",
  doi = "http://dx.doi.org/10.1016/0370-2693(83)90744-X",
  url = "http://www.sciencedirect.com/science/article/pii/037026938390744X",
  collaboration = "UA2 collaboration",
  author = "P. Bagnaia and M. Banner and R. Battiston and Ph. Bloch and F. Bonaudi and K. Borer and M. Borghini and J.-C. Chollet and A.G. Clark and C. Conta and P. Darriulat and L. Di Lella and J. Dines-Hansen and P.A. Dorsaz and L. Fayard and M. Fraternali and D. Froidevaux and G. Fumagalli and J.-M. Gaillard and O. Gildemeister and V.G. Goggi and H. Grote and B. Hahn and H. Hänni and J.R. Hansen and P. Hansen and T. Himel and V. Hungerbühler and P. Jenni and O. Kofoed-Hansen and E. Lançon and M. Livan and S. Loucatos and B. Madsen and P. Mani and B. Mansoulié and G.C. Mantovani and L. Mapelli and B. Merkel and M. Mermikides and R. Møllerud and B. Nilsson and C. Onions and G. Parrour and F. Pastore and H. Plothow-Besch and M. Polverel and J.-P. Repellin and A. Rimoldi and A. Rothenberg and A. Roussarie and G. Sauvage and J. Schacher and J.L. Siegrist and H.M. Steiner and G. Stimpfl and F. Stocker and J. Teiger and V. Vercesi and A.R. Weidberg and H. Zaccone and J.A. Zakrzewski and W. Zeller",
}

% Prediction of Bs0 to µ-µ+ BF
@article{Bobeth:2013uxa,
  author         = "Bobeth, Christoph and Gorbahn, Martin and Hermann, Thomas
                    and Misiak, Mikolaj and Stamou, Emmanuel and Steinhauser,
                    Matthias",
  title          = "{$B_{s,d} \to \Pleptonplus\Pleptonminus$ in the Standard Model with Reduced
                    Theoretical Uncertainty}",
  journal        = "Phys. Rev. Lett.",
  volume         = "112",
  year           = "2014",
  pages          = "101801",
  doi            = "10.1103/PhysRevLett.112.101801",
  eprint         = "1311.0903",
  archivePrefix  = "arXiv",
  primaryClass   = "hep-ph",
  reportNumber   = "FLAVOUR(267104)-ERC-53, LTH-990, SFB-CPP-13-82,
                    TTP13-033",
  SLACcitation   = "%%CITATION = ARXIV:1311.0903;%%"
}

% LHC design report, Volume 1
@article{Bruning:2004ej,
  author         = "Bruning, Oliver S. and Collier, P. and Lebrun, P. and
    Myers, S. and Ostojic, R. and Poole, J. and Proudlock, P.",
  title          = "{The LHC Main Ring}",
  journal        = "{LHC Design Report}",
  volume         = "1",
  year           = "2004",
  reportNumber   = "CERN-2004-003-V1, CERN-2004-003, CERN-2004-003-V-1",
  SLACcitation   = "%%CITATION = CERN-2004-003-V1;%%"
}

% ATLAS detector citation
@article{Aad:2008zzm,
  author         = "Aad, G. and others",
  title          = "{The ATLAS Experiment at the CERN LHC}",
  collaboration  = "ATLAS collaboration",
  journal        = "JINST",
  volume         = "3",
  year           = "2008",
  pages          = "S08003",
  doi            = "10.1088/1748-0221/3/08/S08003",
  SLACcitation   = "%%CITATION = JINST,3,S08003;%%"
}

% CMS detector citation
@article{Chatrchyan:2008aa,
  author         = "Chatrchyan, S. and others",
  title          = "{The CMS experiment at the CERN LHC}",
  collaboration  = "CMS collaboration",
  journal        = "JINST",
  volume         = "3",
  year           = "2008",
  pages          = "S08004",
  doi            = "10.1088/1748-0221/3/08/S08004",
  SLACcitation   = "%%CITATION = JINST,3,S08004;%%"
}

% ALICE detector citation
@article{Aamodt:2008zz,
  author         = "Aamodt, K. and others",
  title          = "{The ALICE experiment at the CERN LHC}",
  collaboration  = "ALICE collaboration",
  journal        = "JINST",
  volume         = "3",
  year           = "2008",
  pages          = "S08002",
  doi            = "10.1088/1748-0221/3/08/S08002",
  SLACcitation   = "%%CITATION = JINST,3,S08002;%%"
}

% LHCb detector citation
@article{Alves:2008zz,
  author         = "Alves, Jr., A. Augusto and others",
  title          = "{The LHCb Detector at the LHC}",
  collaboration  = "LHCb collaboration",
  journal        = "JINST",
  volume         = "3",
  year           = "2008",
  pages          = "S08005",
  doi            = "10.1088/1748-0221/3/08/S08005",
  SLACcitation   = "%%CITATION = JINST,3,S08005;%%"
}

% Higgs cross-sections
@article{Khachatryan:2016vau,
      author         = "Aad, Georges and others",
      title          = "{Measurements of the Higgs boson production and decay
                        rates and constraints on its couplings from a combined
                        ATLAS and CMS analysis of the LHC $pp$ collision data at
                        $\sqrt{s} = 7$ and 8\,TeV}",
      collaboration  = "ATLAS and CMS collaborations",
      year           = "2016",
      eprint         = "1606.02266",
      archivePrefix  = "arXiv",
      primaryClass   = "hep-ex",
      reportNumber   = "CERN-EP-2016-100, ATLAS-HIGG-2015-07, CMS-HIG-15-002",
      SLACcitation   = "%%CITATION = ARXIV:1606.02266;%%"
}
